<record><leader>00000cas a2200000 a 4500</leader><controlfield tag="001">12190714</controlfield><controlfield tag="008">850624d19001901ksuwr ne      0    0eng d</controlfield><datafield ind1=" " ind2=" " tag="010"><subfield code="a">sn 85030555 </subfield></datafield><datafield ind1=" " ind2=" " tag="040"><subfield code="a">KSH</subfield><subfield code="b">eng</subfield><subfield code="c">KSH</subfield><subfield code="d">NPT</subfield><subfield code="d">OCL</subfield><subfield code="d">OCLCQ</subfield></datafield><datafield ind1=" " ind2=" " tag="042"><subfield code="a">msc</subfield></datafield><datafield ind1="0" ind2=" " tag="130"><subfield code="a">Leader (Thayer, Kan.)</subfield></datafield><datafield ind1="1" ind2="4" tag="245"><subfield code="a">The leader.</subfield></datafield><datafield ind1="1" ind2="3" tag="246"><subfield code="a">Semi-weekly leader</subfield><subfield code="f">Jan. 22-Oct. 4, 1901</subfield></datafield><datafield ind1=" " ind2=" " tag="260"><subfield code="a">Thayer, Kan. :</subfield><subfield code="b">A.E. Miller &amp; G.A. Miller,</subfield><subfield code="c">1900-</subfield></datafield><datafield ind1=" " ind2=" " tag="300"><subfield code="a">v. ;</subfield><subfield code="c">53 cm.</subfield></datafield><datafield ind1=" " ind2=" " tag="310"><subfield code="a">Weekly,</subfield><subfield code="b">Oct. 10-Dec. 5, 1901</subfield></datafield><datafield ind1=" " ind2=" " tag="321"><subfield code="a">Weekly,</subfield><subfield code="b">Dec. 20, 1900-Jan. 17, 1901</subfield></datafield><datafield ind1=" " ind2=" " tag="321"><subfield code="a">Semiweekly,</subfield><subfield code="b">Jan. 22-Oct. 4, 1901</subfield></datafield><datafield ind1="0" ind2=" " tag="362"><subfield code="a">Vol. 2, no. 42 (Dec. 20, 1900)-</subfield></datafield><datafield ind1="1" ind2=" " tag="362"><subfield code="a">Ceased with Dec. 5, 1901 issue?</subfield></datafield><datafield ind1=" " ind2=" " tag="752"><subfield code="a">United States</subfield><subfield code="b">Kansas</subfield><subfield code="c">Neosho</subfield><subfield code="d">Thayer.</subfield></datafield></record>